<?xml version="1.0" encoding="UTF-8"?>
<collection xmlns:xsi="http://www.w3.org/2001/XMLSchema-instance" xsi:schemaLocation="http://www.loc.gov/MARC21/slim http://www.loc.gov/standards/marcxml/schema/MARC21slim.xsd" xmlns="http://www.loc.gov/MARC21/slim">
<record>
  <leader>01068cam a2200253ua 4500</leader>
  <controlfield tag="001">642868</controlfield>
  <controlfield tag="003">NNC</controlfield>
  <controlfield tag="005">20100307231710.0</controlfield>
  <controlfield tag="008">830121s1926    ua            00010 arard</controlfield>
  <datafield tag="035" ind1=" " ind2=" ">
    <subfield code="a">(OCoLC)23503010</subfield>
  </datafield>
  <datafield tag="035" ind1=" " ind2=" ">
    <subfield code="a">(OCoLC)ocm23503010</subfield>
  </datafield>
  <datafield tag="035" ind1=" " ind2=" ">
    <subfield code="a">(CStRLIN)NYCG88-B28583</subfield>
  </datafield>
  <datafield tag="035" ind1=" " ind2=" ">
    <subfield code="9">ACU9684CU</subfield>
  </datafield>
  <datafield tag="035" ind1=" " ind2=" ">
    <subfield code="a">(NNC)642868</subfield>
  </datafield>
  <datafield tag="040" ind1=" " ind2=" ">
    <subfield code="a">MiU</subfield>
    <subfield code="c">MiU</subfield>
  </datafield>
  <datafield tag="100" ind1="1" ind2="0">
    <subfield code="a">Ṭarasūsī, Ibrāhīm ibn ʻAlī,</subfield>
    <subfield code="d">1321-1357 or 8.</subfield>
  </datafield>
  <datafield tag="245" ind1="1" ind2="3">
    <subfield code="a">al-Fatāwā al-Ṭarasūsīyah :</subfield>
    <subfield code="b">aw-anfaʻ al-wasā'il ilá taḥrīr al-masā'il /</subfield>
    <subfield code="c">li-Najm al-Dīn Ibrāhīm ibn ʻAlī ibn Aḥmad ibn ʻAbd al-Wāḥid ibn ʻAbd al-Munʻim ibn ʻAbd al Ṣamad al-Ṭarsūsī ; ṣaḥḥaḥahu wa-rajaʻa nuqūlahu                    Muṣṭafá Muḥammad Khafājī wa-Maḥmūd Ibrāhīm.</subfield>
  </datafield>
  <datafield tag="260" ind1="0" ind2=" ">
    <subfield code="a">Miṣr :</subfield>
    <subfield code="b">Maṭbaʻat al-Sharq,</subfield>
    <subfield code="c">1926.</subfield>
  </datafield>
  <datafield tag="300" ind1=" " ind2=" ">
    <subfield code="a">355 p. ;</subfield>
    <subfield code="c">26 cm.</subfield>
  </datafield>
  <datafield tag="650" ind1=" " ind2="0">
    <subfield code="a">Fatwas.</subfield>
  </datafield>
  <datafield tag="650" ind1=" " ind2="0">
    <subfield code="a">Hanafis.</subfield>
  </datafield>
  <datafield tag="700" ind1="1" ind2="0">
    <subfield code="a">Khafājī, Muṣṭafá Muḥammad.</subfield>
  </datafield>
  <datafield tag="740" ind1="0" ind2="1">
    <subfield code="a">Anfaʻ al-wasā'il ilá taḥrīr al-masā'il.</subfield>
  </datafield>
  <datafield tag="955" ind1=" " ind2=" ">
    <subfield code="b">CU59573848</subfield>
    <subfield code="d">off,glx</subfield>
    <subfield code="e">ME06284</subfield>
  </datafield>
</record>
</collection>